<record><leader>00000cas a2200000 a 4500</leader><controlfield tag="001">25275287</controlfield><controlfield tag="008">920214c19929999iludx ne      0   a0kor c</controlfield><datafield ind1=" " ind2=" " tag="010"><subfield code="a">sn 92004470 </subfield></datafield><datafield ind1=" " ind2=" " tag="040"><subfield code="a">KSU</subfield><subfield code="b">eng</subfield><subfield code="c">KSU</subfield><subfield code="d">NSD</subfield><subfield code="d">CVF</subfield><subfield code="d">OCLCQ</subfield><subfield code="d">OCLCF</subfield><subfield code="d">OCLCO</subfield></datafield><datafield ind1=" " ind2=" " tag="012"><subfield code="m">1</subfield></datafield><datafield ind1=" " ind2=" " tag="019"><subfield code="a">230730242</subfield></datafield><datafield ind1="0" ind2=" " tag="022"><subfield code="a">1061-7124</subfield><subfield code="l">1061-7124</subfield><subfield code="2">1</subfield></datafield><datafield ind1=" " ind2=" " tag="032"><subfield code="a">005855</subfield><subfield code="b">USPS</subfield></datafield><datafield ind1=" " ind2=" " tag="037"><subfield code="b">Chosun Daily, Inc., 4635 W. Lawrence Ave., Chicago, IL 60630</subfield></datafield><datafield ind1=" " ind2=" " tag="042"><subfield code="a">nsdp</subfield><subfield code="a">pcc</subfield></datafield><datafield ind1="1" ind2="0" tag="082"><subfield code="a">070</subfield><subfield code="2">12</subfield></datafield><datafield ind1="0" ind2=" " tag="210"><subfield code="a">Chosun dly.</subfield></datafield><datafield ind1=" " ind2="4" tag="222"><subfield code="a">The Chosun daily</subfield></datafield><datafield ind1="0" ind2="4" tag="245"><subfield code="a">The Chosun daily =</subfield><subfield code="b">Choso&#774;n ilbo.</subfield></datafield><datafield ind1="1" ind2="1" tag="246"><subfield code="a">Choso&#774;n ilbo</subfield></datafield><datafield ind1="1" ind2="7" tag="246"><subfield code="a">Chosun ilbo</subfield></datafield><datafield ind1=" " ind2=" " tag="260"><subfield code="a">Chicago, IL :</subfield><subfield code="b">Chosun Daily, Inc.,</subfield><subfield code="c">1992-</subfield></datafield><datafield ind1=" " ind2=" " tag="300"><subfield code="a">v.</subfield></datafield><datafield ind1=" " ind2=" " tag="310"><subfield code="a">Daily (except Sundays, Federal Holidays and Jan. 2-3)</subfield></datafield><datafield ind1="0" ind2=" " tag="362"><subfield code="a">Feb. 20, 1992-</subfield></datafield><datafield ind1=" " ind2=" " tag="580"><subfield code="a">U.S. edition of: Choso&#774;n ilbo.</subfield></datafield><datafield ind1=" " ind2="0" tag="650"><subfield code="a">Korean Americans</subfield><subfield code="v">Newspapers.</subfield></datafield><datafield ind1=" " ind2="0" tag="651"><subfield code="a">Chicago (Ill.)</subfield><subfield code="v">Newspapers.</subfield></datafield><datafield ind1=" " ind2="7" tag="655"><subfield code="a">Newspapers.</subfield><subfield code="2">fast</subfield><subfield code="0">(OCoLC)fst01423814</subfield></datafield><datafield ind1=" " ind2="7" tag="650"><subfield code="a">Korean Americans.</subfield><subfield code="2">fast</subfield><subfield code="0">(OCoLC)fst00988587</subfield></datafield><datafield ind1=" " ind2="7" tag="651"><subfield code="a">Illinois</subfield><subfield code="z">Chicago.</subfield><subfield code="2">fast</subfield><subfield code="0">(OCoLC)fst01204048</subfield></datafield><datafield ind1=" " ind2=" " tag="752"><subfield code="a">United States</subfield><subfield code="b">Illinois</subfield><subfield code="c">Cook</subfield><subfield code="d">Chicago.</subfield></datafield><datafield ind1="1" ind2=" " tag="775"><subfield code="t">Choso&#774;n ilbo</subfield><subfield code="w">(OCoLC)8735502</subfield></datafield></record>